<record><leader>00000cas a2200000 a 4500</leader><controlfield tag="001">29328807</controlfield><controlfield tag="008">931115d1uuu1907iludn ne      0   a0eng c</controlfield><datafield ind1=" " ind2=" " tag="010"><subfield code="a">sn 93056120 </subfield></datafield><datafield ind1=" " ind2=" " tag="040"><subfield code="a">NVF</subfield><subfield code="b">eng</subfield><subfield code="c">NVF</subfield><subfield code="d">OCLCQ</subfield><subfield code="d">CVF</subfield><subfield code="d">NVF</subfield><subfield code="d">OCLCQ</subfield><subfield code="d">OCLCF</subfield><subfield code="d">NVF</subfield><subfield code="d">OCLCO</subfield></datafield><datafield ind1="1" ind2=" " tag="029"><subfield code="a">AU@</subfield><subfield code="b">000025852910</subfield></datafield><datafield ind1=" " ind2=" " tag="042"><subfield code="a">pcc</subfield></datafield><datafield ind1=" " ind2=" " tag="043"><subfield code="a">n-us-il</subfield></datafield><datafield ind1="0" ind2=" " tag="130"><subfield code="a">Daily Republican (Belvidere, Ill.)</subfield></datafield><datafield ind1="1" ind2="4" tag="245"><subfield code="a">The daily Republican.</subfield></datafield><datafield ind1=" " ind2=" " tag="260"><subfield code="a">Belvidere, Ill. :</subfield><subfield code="b">Frank T. Moran</subfield></datafield><datafield ind1=" " ind2=" " tag="300"><subfield code="a">v.</subfield></datafield><datafield ind1=" " ind2=" " tag="310"><subfield code="a">Daily (except Sunday)</subfield></datafield><datafield ind1="0" ind2=" " tag="362"><subfield code="a">-v. 15, no. 32 (Apr. 23, 1907).</subfield></datafield><datafield ind1=" " ind2=" " tag="580"><subfield code="a">Semiweekly eds.: Boone County Republican (Belvidere, Ill.), &lt;1900&gt;-1903, and: Republican-northwestern, 1903-1907.</subfield></datafield><datafield ind1=" " ind2=" " tag="588"><subfield code="a">Description based on: Vol. 6, no. 53 (Mar. 2, 1898).</subfield></datafield><datafield ind1=" " ind2="0" tag="651"><subfield code="a">Belvidere (Ill.)</subfield><subfield code="v">Newspapers.</subfield></datafield><datafield ind1=" " ind2="7" tag="651"><subfield code="a">Illinois</subfield><subfield code="z">Belvidere.</subfield><subfield code="2">fast</subfield><subfield code="0">(OCoLC)fst01217073</subfield></datafield><datafield ind1=" " ind2="7" tag="655"><subfield code="a">Newspapers.</subfield><subfield code="2">fast</subfield><subfield code="0">(OCoLC)fst01423814</subfield></datafield><datafield ind1=" " ind2=" " tag="752"><subfield code="a">United States</subfield><subfield code="b">Illinois</subfield><subfield code="c">Boone</subfield><subfield code="d">Belvidere.</subfield></datafield><datafield ind1="1" ind2=" " tag="775"><subfield code="t">Boone County Republican (Belvidere, Ill.)</subfield><subfield code="w">(DLC)sn 93056118</subfield><subfield code="w">(OCoLC)29328001</subfield></datafield><datafield ind1="1" ind2=" " tag="775"><subfield code="t">Republican-northwestern</subfield><subfield code="w">(DLC)sn 93056119</subfield><subfield code="w">(OCoLC)29328636</subfield></datafield><datafield ind1="0" ind2="0" tag="785"><subfield code="t">Belvidere daily Republican</subfield><subfield code="w">(DLC)sn 93056121</subfield><subfield code="w">(OCoLC)29328915</subfield></datafield></record>